@article{Dijkstra1959,
  author = {Dijkstra, Edsger W.},
  title = {{A Note on Two Problems in Connexion with Graphs}},
  journal = {Numerische Mathematik},
  year = {1959},
  volume = {1},
  number = {1},
  pages = {pp.\ 269--271}
}
